@article{Benes2015,
title = "Efficient methods to visualize finite element meshes ",
journal = "Advances in Engineering Software ",
volume = "79",
pages = "81 - 90",
year = "2015",
issn = "0965-9978",
author = "S. Benes and J. Kruis"
}

@article{Benes2016
title = "Postprocessing...",
author = "S. Benes and J. Kruis"
}

@article{SairaBanu2015,
title = "Parallel Implementation of Singular Value
Decomposition (SVD) in Image Compression
using Open Mp and Sparse Matrix Representation",
journal = "Indian Journal of Science and Technology",
author = "J. SairaBanu, Rajasekhara Babu and Reeta Pandey"
}

@article{Holmes,
title = "Fast SVD for Large-Scale Matrices",
author = "M. P. Holmes",
url = "http://sysrun.haifa.il.ibm.com/hrl/bigml/files/Holmes.pdf"
}

@article{Halko2011
title = "Finding Structure with Randomness: Probabilistic Algorithms for Constructing Approximate Matrix Decompositions",
author = "N. Halko, P. G. Martinsson, J. A. Tropp",
year = 2011,
journal = "Society for Industrial and Applied Mathematics"
}

@article{Candes2009,
title = "Robust Principal Component Analysis?",
author = "E. J. Candes, X. Li, Y. Ma, J. Wright",
year = 2009
}

@article{Halko2011,
title = "Finding Structure with Randomness: Probabilistic Algorithms for Constructing Approximate Matrix Decompositions",
journal = "Society for Industrial and Applied Mathematics",
author = "N. Halko, P. G. Martinsson, and J. A. Tropp"
}

@article{Baker2013,
title = "Singular Value Decomposition Tutorial",
year = 2013,
author = "K. Baker"
}

@article{Kalman2002,
title = "A Singularly Valuable Decomposition: The SVD of a Matrix",
year: 2002,
author = "D. Kalman"
}